@misc{bibtex,
  title = {Help on {BibTeX} Entry Types},
  howpublished = {\url{http://nwalsh.com/tex/texhelp/bibtx-7.html}},
  note = {Accessed: 2015-03-12}, 
  author = "Test Author"
}

@misc{Balsamiq-Mockups,
  title = {Balsamiq Mockups},
  howpublished = {\url{https://en.wikipedia.org/wiki/Balsamiq#Balsamiq_Mockups}},
  author = "Wikipedia"
}

@misc{Trello,
    titre = {Trello},
    howpublished = {\url{https://fr.wikipedia.org/wiki/Trello}},
    author = "Wikipedia"
    }