@misc{SAP-History,
  title = {SAP History},
  howpublished = {\url{https://www.sap.com/corporate/en/company/history.html}},
  author = "sap web site",
  year = "2019"
}

@misc{SAP-entreprise_wikipedia,
    title = {SAP Wikipedia page},
    howpublished = {\url{https://fr.wikipedia.org/wiki/SAP_(entreprise)}},
    author = "Wikipedia"
}

@misc{About-FC,
    title = {A propos de Financial consolidation},
    howpublished = {\url{https://help.sap.com/viewer/9781cc5319034ed18687566eaa9ac40c/10.1.8/fr-FR/277af635f7d1406a8b7433624013b911.html}},
    author = "sap help portal for Financial Consolidation",
    year = "2019"
}

@misc{SAP_Corporate_Fact_Sheet,
    title = {SAP Corporate Fact Sheet},
    howpublished={\url{https://www.sap.com/corporate/en/documents/2017/04/4666ecdd-b67c-0010-82c7-eda71af511fa.html}},
    author = "SAP Global Corporate Affaires",
    yeer = "July 18, 2019"
}